<record><leader>00000cas a22000007a 4500</leader><controlfield tag="001">16474470</controlfield><controlfield tag="008">870814d19301946iaudn ne      0    0eng d</controlfield><datafield ind1=" " ind2=" " tag="010"><subfield code="a">sn 87057682 </subfield></datafield><datafield ind1=" " ind2=" " tag="040"><subfield code="a">INP</subfield><subfield code="b">eng</subfield><subfield code="c">INP</subfield><subfield code="d">OCLCQ</subfield></datafield><datafield ind1=" " ind2=" " tag="042"><subfield code="a">msc</subfield></datafield><datafield ind1="0" ind2=" " tag="130"><subfield code="a">Estherville daily news (Estherville, Iowa : 1930)</subfield></datafield><datafield ind1="1" ind2="0" tag="245"><subfield code="a">Estherville daily news.</subfield></datafield><datafield ind1="1" ind2="3" tag="246"><subfield code="a">Estherville news</subfield></datafield><datafield ind1=" " ind2=" " tag="260"><subfield code="a">Estherville, Emmet County, Iowa :</subfield><subfield code="b">D. Lee,</subfield><subfield code="c">1930-1946.</subfield></datafield><datafield ind1=" " ind2=" " tag="300"><subfield code="a">16 v.</subfield></datafield><datafield ind1=" " ind2=" " tag="310"><subfield code="a">Daily (except Sunday)</subfield></datafield><datafield ind1="0" ind2=" " tag="362"><subfield code="a">Vol. 43, no. 1 (Oct. 6, 1930)-58th year, no. 298 (Sept. 26, 1946).</subfield></datafield><datafield ind1=" " ind2=" " tag="752"><subfield code="a">United States</subfield><subfield code="b">Iowa</subfield><subfield code="c">Emmet</subfield><subfield code="d">Estherville.</subfield></datafield><datafield ind1="0" ind2="0" tag="780"><subfield code="t">Estherville news</subfield><subfield code="w">(DLC)sn 87058485</subfield></datafield><datafield ind1="0" ind2="7" tag="785"><subfield code="t">Vindicator and Republican</subfield><subfield code="w">(DLC)sn 87057773</subfield></datafield><datafield ind1="0" ind2="7" tag="785"><subfield code="t">Estherville daily news and vindicator &amp; Republican</subfield><subfield code="w">(DLC)sn 87057683</subfield></datafield></record>